@book{aho1986compilers,
  title={Compilers: Principles, Techniques, and Tools},
  author={Aho, A.V. and Sethi, R. and Ullman, J.D.},
  isbn={9780201101942},
  lccn={lc85015647},
  series={Addison-Wesley series in computer science},
  year={1986},
  publisher={Addison-Wesley}
}

@book{su2011principles,
  title={Principles of Compilers: A New Approach to Compilers Including the Algebraic Method},
  author={Su, Y. and Yan, S.Y.},
  isbn={9783642208355},
  year={2011},
  publisher={Springer Berlin Heidelberg}
}

@book{mogensen2009basics,
  title={Basics of Compiler Design},
  author={Mogensen, T.{\AE}. and K{\o}benhavns universitet. Department of Computer Science},
  isbn={9788799315406},
  url={https://books.google.pt/books?id=N5EWtwAACAAJ},
  year={2009},
  publisher={Torben {\AE}gidius Mogensen}
}
